<?xml version="1.0" encoding="UTF-8"?>
<!DOCTYPE html PUBLIC "-//W3C//DTD XHTML 1.0 Transitional//EN"
    "http://www.w3.org/TR/xhtml1/DTD/xhtml1-transitional.dtd">
<html xmlns="http://www.w3.org/1999/xhtml" xml:lang="en" lang="en">
 <head>
  <title>
</title>
<meta http-equiv="Content-Type" content="text/html;charset=utf-8" />
  <meta name='ocr-system' content='tesseract 3.04.00' />
  <meta name='ocr-capabilities' content='ocr_page ocr_carea ocr_par ocr_line ocrx_word'/>
</head>
<body>
  <div class='ocr_page' id='page_1' title='image "./anecdotagraeca00frangoog_0885.png"; bbox 0 0 2696 4944; ppageno 0'>
   <div class='ocr_carea' id='block_1_1' title="bbox 237 325 316 394">
    <p class='ocr_par' dir='ltr' id='par_1_1' title="bbox 237 325 316 394">
     <span class='ocr_line' id='line_1_1' title="bbox 237 325 316 394; baseline -0.038 0"><span class='ocrx_word' id='word_1_1' title='bbox 237 326 301 394; x_wconf 72' lang='lat'><strong>478</strong></span> <span class='ocrx_word' id='word_1_2' title='bbox 312 325 316 338; x_wconf 92' lang='lat'><em>&#39;</em></span> 
     </span>
    </p>
   </div>
   <div class='ocr_carea' id='block_1_2' title="bbox 232 485 1262 1081">
    <p class='ocr_par' dir='ltr' id='par_1_2' title="bbox 232 485 1262 1081">
     <span class='ocr_line' id='line_1_2' title="bbox 280 485 1262 569; baseline -0.006 -15"><span class='ocrx_word' id='word_1_3' title='bbox 280 501 361 567; x_wconf 87' lang='lat' dir='ltr'><strong>stre,</strong></span> <span class='ocrx_word' id='word_1_4' title='bbox 397 489 430 551; x_wconf 82' lang='lat' dir='ltr'><strong>in</strong></span> <span class='ocrx_word' id='word_1_5' title='bbox 455 485 609 554; x_wconf 71' lang='lat' dir='ltr'><strong>maenas</strong></span> <span class='ocrx_word' id='word_1_6' title='bbox 635 486 779 548; x_wconf 86' lang='lat' dir='ltr'><strong>honorem</strong></span> <span class='ocrx_word' id='word_1_7' title='bbox 807 493 982 569; x_wconf 63' lang='lat' dir='ltr'><strong>poectum,</strong></span> <span class='ocrx_word' id='word_1_8' title='bbox 1012 485 1046 548; x_wconf 90' lang='lat' dir='ltr'><strong>in</strong></span> <span class='ocrx_word' id='word_1_9' title='bbox 1077 505 1158 568; x_wconf 90' lang='lat' dir='ltr'><strong>quo,</strong></span> <span class='ocrx_word' id='word_1_10' title='bbox 1190 486 1262 548; x_wconf 87' lang='lat' dir='ltr'><strong>dum</strong></span> 
     </span>
     <span class='ocr_line' id='line_1_3' title="bbox 283 572 1262 654; baseline -0.006 -16"><span class='ocrx_word' id='word_1_11' title='bbox 283 597 389 638; x_wconf 88' lang='lat' dir='ltr'><strong>currus</strong></span> <span class='ocrx_word' id='word_1_12' title='bbox 419 575 576 635; x_wconf 81' lang='lat' dir='ltr'><strong>concitatis</strong></span> <span class='ocrx_word' id='word_1_13' title='bbox 603 575 686 654; x_wconf 86' lang='lat' dir='ltr'><strong>equis</strong></span> <span class='ocrx_word' id='word_1_14' title='bbox 712 585 908 653; x_wconf 75' lang='lat' dir='ltr'><strong>raperentur,</strong></span> <span class='ocrx_word' id='word_1_15' title='bbox 939 572 1061 651; x_wconf 84' lang='lat' dir='ltr'><strong>aurigae</strong></span> <span class='ocrx_word' id='word_1_16' title='bbox 1089 593 1149 654; x_wconf 90' lang='lat' dir='ltr'><strong>per</strong></span> <span class='ocrx_word' id='word_1_17' title='bbox 1175 583 1262 634; x_wconf 84' lang='lat' dir='ltr'><strong>rotas</strong></span> 
     </span>
     <span class='ocr_line' id='line_1_4' title="bbox 281 657 1259 741; baseline -0.005 -19"><span class='ocrx_word' id='word_1_18' title='bbox 281 661 497 741; x_wconf 72' lang='lat' dir='ltr'><strong>ascendebant,</strong></span> <span class='ocrx_word' id='word_1_19' title='bbox 517 667 548 720; x_wconf 87' lang='lat' dir='ltr'><strong>et</strong></span> <span class='ocrx_word' id='word_1_20' title='bbox 567 679 672 719; x_wconf 90' lang='lat' dir='ltr'><strong>rursus</strong></span> <span class='ocrx_word' id='word_1_21' title='bbox 692 659 797 719; x_wconf 90' lang='lat' dir='ltr'><strong>eodem</strong></span> <span class='ocrx_word' id='word_1_22' title='bbox 818 659 911 720; x_wconf 88' lang='lat' dir='ltr'><strong>modo</strong></span> <span class='ocrx_word' id='word_1_23' title='bbox 931 657 1165 735; x_wconf 71' lang='lat' dir='ltr'><strong>descendebant,</strong></span> <span class='ocrx_word' id='word_1_24' title='bbox 1189 665 1259 733; x_wconf 80' lang='lat'><strong>122,</strong></span> 
     </span>
     <span class='ocr_line' id='line_1_5' title="bbox 238 749 1261 978; baseline -0.007 -84"><span class='ocrx_word' id='word_1_25' title='bbox 238 749 762 978; x_wconf 43' lang='lat' dir='ltr'><strong>dpffiphzeff&#39;rhggiptrtaatmeplecem,</strong></span> <span class='ocrx_word' id='word_1_26' title='bbox 782 849 840 928; x_wconf 78' lang='lat' dir='ltr'><strong>pro</strong></span> <span class='ocrx_word' id='word_1_27' title='bbox 861 845 987 974; x_wconf 68' lang='lat' dir='ltr'><strong>nuppppo</strong></span> <span class='ocrx_word' id='word_1_28' title='bbox 1008 789 1261 972; x_wconf 54' lang='lat' dir='ltr'><strong>trr‘pnum,dsp)rte</strong></span> 
     </span>
     <span class='ocr_line' id='line_1_6' title="bbox 232 931 1260 1081; baseline 0.002 -17"><span class='ocrx_word' id='word_1_29' title='bbox 232 971 244 993; x_wconf 40' lang='lat' dir='ltr'><em>l</em></span> <span class='ocrx_word' id='word_1_30' title='bbox 279 1005 341 1081; x_wconf 90' lang='lat' dir='ltr'><strong>bat,</strong></span> <span class='ocrx_word' id='word_1_31' title='bbox 361 935 515 1081; x_wconf 53' lang='lat' dir='ltr'><strong>hogilieuil,</strong></span> <span class='ocrx_word' id='word_1_32' title='bbox 534 935 568 1060; x_wconf 60' lang='lat' dir='ltr'><strong>it</strong></span> <span class='ocrx_word' id='word_1_33' title='bbox 586 960 620 1059; x_wconf 87' lang='lat' dir='ltr'><strong>iu</strong></span> <span class='ocrx_word' id='word_1_34' title='bbox 641 931 1260 1080; x_wconf 45' lang='lat' dir='ltr'><strong>puliiigsqtiliusiimpihilebhtinmstdieii</strong></span> 
     </span>
    </p>
   </div>
   <div class='ocr_carea' id='block_1_3' title="bbox 31 1097 1259 1182">
    <p class='ocr_par' dir='ltr' id='par_1_3' title="bbox 31 1097 1259 1182">
     <span class='ocr_line' id='line_1_7' title="bbox 31 1097 1259 1182; baseline -0.009 -11"><span class='ocrx_word' id='word_1_35' title='bbox 31 1173 34 1182; x_wconf 66' lang='grc'><strong>,</strong></span> <span class='ocrx_word' id='word_1_36' title='bbox 100 1168 104 1180; x_wconf 87' lang='grc'><strong>,</strong></span> <span class='ocrx_word' id='word_1_37' title='bbox 194 1121 197 1128; x_wconf 83' lang='grc'><strong>“</strong></span> <span class='ocrx_word' id='word_1_38' title='bbox 235 1097 428 1178; x_wconf 78' lang='grc' dir='ltr'><strong>Ἀποστολεῖς</strong></span> <span class='ocrx_word' id='word_1_39' title='bbox 461 1100 649 1178; x_wconf 85' lang='lat' dir='ltr'><strong>magistratus</strong></span> <span class='ocrx_word' id='word_1_40' title='bbox 682 1101 806 1178; x_wconf 84' lang='lat' dir='ltr'><strong>decem,</strong></span> <span class='ocrx_word' id='word_1_41' title='bbox 830 1101 1036 1180; x_wconf 84' lang='lat' dir='ltr'><strong>&#39;singularium</strong></span> <span class='ocrx_word' id='word_1_42' title='bbox 1075 1101 1259 1178; x_wconf 78' lang='lat' dir='ltr'><strong>triremium,</strong></span> 
     </span>
    </p>
   </div>
   <div class='ocr_carea' id='block_1_4' title="bbox 196 1185 1260 1607">
    <p class='ocr_par' dir='ltr' id='par_1_4' title="bbox 196 1185 1260 1607">
     <span class='ocr_line' id='line_1_8' title="bbox 282 1185 1190 1268; baseline -0.006 -16"><span class='ocrx_word' id='word_1_43' title='bbox 282 1189 528 1263; x_wconf 83' lang='lat' dir='ltr'><strong>emittendorum,</strong></span> <span class='ocrx_word' id='word_1_44' title='bbox 549 1187 601 1248; x_wconf 82' lang='lat' dir='ltr'><strong>vel</strong></span> <span class='ocrx_word' id='word_1_45' title='bbox 618 1186 711 1249; x_wconf 85' lang='lat' dir='ltr'><strong>totius</strong></span> <span class='ocrx_word' id='word_1_46' title='bbox 732 1185 834 1246; x_wconf 86' lang='lat' dir='ltr'><strong>classis</strong></span> <span class='ocrx_word' id='word_1_47' title='bbox 854 1187 1015 1268; x_wconf 84' lang='lat' dir='ltr'><strong>praefecti,</strong></span> <span class='ocrx_word' id='word_1_48' title='bbox 1039 1188 1113 1264; x_wconf 84' lang='lat'><strong>133,</strong></span> <span class='ocrx_word' id='word_1_49' title='bbox 1139 1191 1190 1254; x_wconf 87' lang='grc'><strong>16.</strong></span> 
     </span>
     <span class='ocr_line' id='line_1_9' title="bbox 196 1264 1106 1360; baseline -0.008 -24"><span class='ocrx_word' id='word_1_50' title='bbox 196 1346 200 1360; x_wconf 38' lang='lat'><strong><em>¹</em></strong></span> <span class='ocrx_word' id='word_1_51' title='bbox 240 1273 316 1353; x_wconf 76' lang='lat' dir='ltr'><strong>Are,</strong></span> <span class='ocrx_word' id='word_1_52' title='bbox 334 1267 466 1335; x_wconf 69' lang='lat' dir='ltr'><strong>‘hthenis</strong></span> <span class='ocrx_word' id='word_1_53' title='bbox 488 1273 520 1334; x_wconf 88' lang='lat' dir='ltr'><strong>in</strong></span> <span class='ocrx_word' id='word_1_54' title='bbox 542 1289 620 1344; x_wconf 90' lang='lat' dir='ltr'><strong>arce,</strong></span> <span class='ocrx_word' id='word_1_55' title='bbox 641 1264 716 1334; x_wconf 78' lang='lat' dir='ltr'><strong>oldai</strong></span> <span class='ocrx_word' id='word_1_56' title='bbox 737 1271 900 1351; x_wconf 86' lang='lat' dir='ltr'><strong>nominate,</strong></span> <span class='ocrx_word' id='word_1_57' title='bbox 921 1273 975 1349; x_wconf 82' lang='grc'><strong>43,</strong></span> <span class='ocrx_word' id='word_1_58' title='bbox 996 1276 1048 1339; x_wconf 76' lang='lat'><strong>23.</strong></span> <span class='ocrx_word' id='word_1_59' title='bbox 1088 1309 1106 1340; x_wconf 85' lang='grc'><strong>,</strong></span> 
     </span>
     <span class='ocr_line' id='line_1_10' title="bbox 240 1351 1175 1439; baseline 0.003 -17"><span class='ocrx_word' id='word_1_60' title='bbox 240 1359 388 1431; x_wconf 75' lang='lat' dir='ltr'><strong>Arcades,</strong></span> <span class='ocrx_word' id='word_1_61' title='bbox 408 1351 591 1439; x_wconf 67' lang='grc' dir='ltr'><strong><em>αὐτόχθονες</em></strong></span> <span class='ocrx_word' id='word_1_62' title='bbox 612 1356 702 1432; x_wconf 83' lang='lat' dir='ltr'><strong>dicti,</strong></span> <span class='ocrx_word' id='word_1_63' title='bbox 727 1362 803 1436; x_wconf 80' lang='lat'><strong>167,</strong></span> <span class='ocrx_word' id='word_1_64' title='bbox 822 1359 877 1424; x_wconf 81' lang='lat'><strong>15·</strong></span> <span class='ocrx_word' id='word_1_65' title='bbox 1031 1423 1033 1434; x_wconf 71' lang='grc'><strong>,</strong></span> <span class='ocrx_word' id='word_1_66' title='bbox 1164 1371 1175 1378; x_wconf 86' lang='grc'><em>“</em></span> 
     </span>
     <span class='ocr_line' id='line_1_11' title="bbox 240 1439 1260 1523; baseline -0.006 -15"><span class='ocrx_word' id='word_1_67' title='bbox 240 1445 468 1508; x_wconf 73' lang='grc' dir='ltr'><strong>Διὼἱᾶιιιιίιιιη</strong></span> <span class='ocrx_word' id='word_1_68' title='bbox 488 1443 615 1520; x_wconf 65' lang='lat' dir='ltr'><strong>bellum,</strong></span> <span class='ocrx_word' id='word_1_69' title='bbox 636 1441 678 1502; x_wconf 86' lang='lat' dir='ltr'><strong>ita</strong></span> <span class='ocrx_word' id='word_1_70' title='bbox 698 1441 815 1523; x_wconf 84' lang='lat' dir='ltr'><strong>priores</strong></span> <span class='ocrx_word' id='word_1_71' title='bbox 836 1440 908 1502; x_wconf 87' lang='lat' dir='ltr'><strong>belli</strong></span> <span class='ocrx_word' id='word_1_72' title='bbox 923 1441 1175 1522; x_wconf 77' lang='lat' dir='ltr'><strong>Peloponnesiaci</strong></span> <span class='ocrx_word' id='word_1_73' title='bbox 1191 1439 1260 1502; x_wconf 90' lang='lat' dir='ltr'><strong>anni</strong></span> 
     </span>
     <span class='ocr_line' id='line_1_12' title="bbox 284 1525 1259 1607; baseline -0.003 -16"><span class='ocrx_word' id='word_1_74' title='bbox 284 1532 477 1604; x_wconf 85' lang='lat' dir='ltr'><strong>dicebantur,</strong></span> <span class='ocrx_word' id='word_1_75' title='bbox 499 1527 537 1588; x_wconf 86' lang='lat' dir='ltr'><strong>ab</strong></span> <span class='ocrx_word' id='word_1_76' title='bbox 559 1525 748 1607; x_wconf 84' lang='lat' dir='ltr'><strong>expeditione</strong></span> <span class='ocrx_word' id='word_1_77' title='bbox 767 1525 949 1588; x_wconf 79' lang='lat' dir='ltr'><strong>Archidamo</strong></span> <span class='ocrx_word' id='word_1_78' title='bbox 972 1529 1049 1588; x_wconf 86' lang='lat' dir='ltr'><strong>duee</strong></span> <span class='ocrx_word' id='word_1_79' title='bbox 1068 1527 1104 1604; x_wconf 82' lang='lat' dir='ltr'><strong>in</strong></span> <span class='ocrx_word' id='word_1_80' title='bbox 1128 1527 1259 1588; x_wconf 74' lang='lat' dir='ltr'><strong>Atticam</strong></span> 
     </span>
    </p>
   </div>
   <div class='ocr_carea' id='block_1_5' title="bbox 285 1615 609 1697">
    <p class='ocr_par' dir='ltr' id='par_1_5' title="bbox 285 1615 609 1697">
     <span class='ocr_line' id='line_1_13' title="bbox 285 1615 609 1697; baseline 0.003 -20"><span class='ocrx_word' id='word_1_81' title='bbox 285 1625 439 1697; x_wconf 74' lang='lat' dir='ltr'><strong>rusneptt,</strong></span> <span class='ocrx_word' id='word_1_82' title='bbox 461 1615 539 1690; x_wconf 81' lang='lat'><strong>149,</strong></span> <span class='ocrx_word' id='word_1_83' title='bbox 561 1615 609 1678; x_wconf 76' lang='lat'><strong>¹8·</strong></span> 
     </span>
    </p>
   </div>
   <div class='ocr_carea' id='block_1_6' title="bbox 114 1695 1259 1781">
    <p class='ocr_par' dir='ltr' id='par_1_6' title="bbox 114 1695 1259 1781">
     <span class='ocr_line' id='line_1_14' title="bbox 114 1695 1259 1781; baseline -0.009 -15"><span class='ocrx_word' id='word_1_84' title='bbox 114 1710 117 1716; x_wconf 79' lang='grc'><em>“</em></span> <span class='ocrx_word' id='word_1_85' title='bbox 241 1699 432 1766; x_wconf 80' lang='lat' dir='ltr'><strong>Archontum</strong></span> <span class='ocrx_word' id='word_1_86' title='bbox 454 1701 533 1781; x_wconf 78' lang='lat' dir='ltr'><strong>apud</strong></span> <span class='ocrx_word' id='word_1_87' title='bbox 552 1695 747 1758; x_wconf 79' lang='lat' dir='ltr'><strong>Athenienses</strong></span> <span class='ocrx_word' id='word_1_88' title='bbox 768 1715 912 1756; x_wconf 80' lang='lat' dir='ltr'><strong>nmnerus</strong></span> <span class='ocrx_word' id='word_1_89' title='bbox 934 1705 967 1757; x_wconf 87' lang='lat' dir='ltr'><strong>et</strong></span> <span class='ocrx_word' id='word_1_90' title='bbox 983 1696 1118 1775; x_wconf 86' lang='lat' dir='ltr'><strong>nomina,</strong></span> <span class='ocrx_word' id='word_1_91' title='bbox 1143 1697 1259 1774; x_wconf 54' lang='lat'><strong>1421.</strong></span> 
     </span>
    </p>
   </div>
   <div class='ocr_carea' id='block_1_7' title="bbox 244 1781 1261 2295">
    <p class='ocr_par' dir='ltr' id='par_1_7' title="bbox 283 1781 1261 2207">
     <span class='ocr_line' id='line_1_15' title="bbox 285 1781 1261 1863; baseline -0.006 -15"><span class='ocrx_word' id='word_1_92' title='bbox 285 1799 315 1848; x_wconf 90' lang='lat' dir='ltr'><strong>et</strong></span> <span class='ocrx_word' id='word_1_93' title='bbox 337 1789 468 1859; x_wconf 78' lang='lat'><strong>26-31.</strong></span> <span class='ocrx_word' id='word_1_94' title='bbox 497 1794 566 1844; x_wconf 86' lang='lat' dir='ltr'><strong>ante</strong></span> <span class='ocrx_word' id='word_1_95' title='bbox 587 1782 706 1843; x_wconf 85' lang='lat' dir='ltr'><strong>Solonis</strong></span> <span class='ocrx_word' id='word_1_96' title='bbox 733 1783 811 1862; x_wconf 82' lang='lat' dir='ltr'><strong>leges</strong></span> <span class='ocrx_word' id='word_1_97' title='bbox 836 1801 899 1842; x_wconf 87' lang='lat' dir='ltr'><strong>una</strong></span> <span class='ocrx_word' id='word_1_98' title='bbox 923 1783 973 1863; x_wconf 84' lang='lat' dir='ltr'><strong>jus</strong></span> <span class='ocrx_word' id='word_1_99' title='bbox 1000 1781 1103 1842; x_wconf 88' lang='lat' dir='ltr'><strong>dicere</strong></span> <span class='ocrx_word' id='word_1_100' title='bbox 1132 1783 1172 1842; x_wconf 88' lang='lat' dir='ltr'><strong>iis</strong></span> <span class='ocrx_word' id='word_1_101' title='bbox 1200 1800 1261 1842; x_wconf 85' lang='lat' dir='ltr'><strong>nou</strong></span> 
     </span>
     <span class='ocr_line' id='line_1_16' title="bbox 283 1866 1261 1949; baseline -0.006 -15"><span class='ocrx_word' id='word_1_102' title='bbox 283 1874 409 1948; x_wconf 83' lang='lat' dir='ltr'><strong>licebat,</strong></span> <span class='ocrx_word' id='word_1_103' title='bbox 430 1869 494 1930; x_wconf 87' lang='lat' dir='ltr'><strong>&#39;sed</strong></span> <span class='ocrx_word' id='word_1_104' title='bbox 518 1867 679 1949; x_wconf 83' lang='lat' dir='ltr'><strong>separatim</strong></span> <span class='ocrx_word' id='word_1_105' title='bbox 707 1887 761 1928; x_wconf 86' lang='lat' dir='ltr'><strong>suo</strong></span> <span class='ocrx_word' id='word_1_106' title='bbox 789 1867 913 1947; x_wconf 87' lang='lat' dir='ltr'><strong>quisque</strong></span> <span class='ocrx_word' id='word_1_107' title='bbox 938 1869 1009 1927; x_wconf 88' lang='lat' dir='ltr'><strong>loeo</strong></span> <span class='ocrx_word' id='word_1_108' title='bbox 1028 1866 1148 1948; x_wconf 77' lang='lat' dir='ltr'><strong>judicia</strong></span> <span class='ocrx_word' id='word_1_109' title='bbox 1168 1867 1261 1928; x_wconf 85' lang='lat' dir='ltr'><strong>habe-</strong></span> 
     </span>
     <span class='ocr_line' id='line_1_17' title="bbox 283 1951 1260 2035; baseline -0.006 -15"><span class='ocrx_word' id='word_1_110' title='bbox 283 1961 366 2035; x_wconf 88' lang='lat' dir='ltr'><strong>bant,</strong></span> <span class='ocrx_word' id='word_1_111' title='bbox 384 1957 454 2034; x_wconf 77' lang='lat'><strong>149,</strong></span> <span class='ocrx_word' id='word_1_112' title='bbox 471 1960 501 2020; x_wconf 81' lang='lat'><strong>2.</strong></span> <span class='ocrx_word' id='word_1_113' title='bbox 537 1954 618 2014; x_wconf 87' lang='lat' dir='ltr'><strong>Lites</strong></span> <span class='ocrx_word' id='word_1_114' title='bbox 639 1953 712 2012; x_wconf 88' lang='lat' dir='ltr'><strong>olim</strong></span> <span class='ocrx_word' id='word_1_115' title='bbox 733 1953 775 2012; x_wconf 85' lang='lat' dir='ltr'><strong>ita</strong></span> <span class='ocrx_word' id='word_1_116' title='bbox 798 1951 1013 2034; x_wconf 81' lang='lat' dir='ltr'><strong>dijudicabant,</strong></span> <span class='ocrx_word' id='word_1_117' title='bbox 1033 1961 1071 2012; x_wconf 83' lang='lat' dir='ltr'><strong>ut</strong></span> <span class='ocrx_word' id='word_1_118' title='bbox 1093 1955 1135 2012; x_wconf 80' lang='lat' dir='ltr'><strong>ab</strong></span> <span class='ocrx_word' id='word_1_119' title='bbox 1156 1972 1260 2014; x_wconf 87' lang='lat' dir='ltr'><strong>eorum</strong></span> 
     </span>
     <span class='ocr_line' id='line_1_18' title="bbox 286 2036 1260 2122; baseline -0.005 -18"><span class='ocrx_word' id='word_1_120' title='bbox 286 2043 432 2104; x_wconf 87' lang='lat' dir='ltr'><strong>sententie</strong></span> <span class='ocrx_word' id='word_1_121' title='bbox 458 2038 635 2122; x_wconf 85' lang='lat' dir='ltr'><strong>provocatio</strong></span> <span class='ocrx_word' id='word_1_122' title='bbox 662 2057 724 2096; x_wconf 89' lang='lat' dir='ltr'><strong>non</strong></span> <span class='ocrx_word' id='word_1_123' title='bbox 745 2045 836 2115; x_wconf 85' lang='lat' dir='ltr'><strong>esset;</strong></span> <span class='ocrx_word' id='word_1_124' title='bbox 866 2036 945 2097; x_wconf 86' lang='lat' dir='ltr'><strong>haue</strong></span> <span class='ocrx_word' id='word_1_125' title='bbox 966 2047 1148 2119; x_wconf 85' lang='lat' dir='ltr'><strong>potestatem</strong></span> <span class='ocrx_word' id='word_1_126' title='bbox 1170 2039 1260 2099; x_wconf 77' lang='lat' dir='ltr'><strong>Solon</strong></span> 
     </span>
     <span class='ocr_line' id='line_1_19' title="bbox 286 2122 1029 2207; baseline -0.016 -17"><span class='ocrx_word' id='word_1_127' title='bbox 286 2127 417 2207; x_wconf 75' lang='lat' dir='ltr'><strong>angustis</strong></span> <span class='ocrx_word' id='word_1_128' title='bbox 433 2125 556 2187; x_wconf 66' lang='lat' dir='ltr'><strong>finibus*</strong></span> <span class='ocrx_word' id='word_1_129' title='bbox 568 2122 814 2203; x_wconf 83' lang='lat' dir='ltr'><strong>circumscripsit,</strong></span> <span class='ocrx_word' id='word_1_130' title='bbox 838 2124 909 2200; x_wconf 69' lang='lat'><strong>149,</strong></span> <span class='ocrx_word' id='word_1_131' title='bbox 924 2127 969 2189; x_wconf 90' lang='lat'><strong>7·</strong></span> <span class='ocrx_word' id='word_1_132' title='bbox 980 2129 1029 2190; x_wconf 68' lang='grc' dir='ltr'><strong>ιο.</strong></span> 
     </span>
    </p>

    <p class='ocr_par' dir='ltr' id='par_1_8' title="bbox 244 2207 1261 2295">
     <span class='ocr_line' id='line_1_20' title="bbox 244 2207 1261 2295; baseline -0.007 -19"><span class='ocrx_word' id='word_1_133' title='bbox 244 2215 434 2295; x_wconf 77' lang='lat' dir='ltr'><strong>Aseopagus,</strong></span> <span class='ocrx_word' id='word_1_134' title='bbox 461 2230 609 2272; x_wconf 88' lang='lat' dir='ltr'><strong>summum</strong></span> <span class='ocrx_word' id='word_1_135' title='bbox 639 2208 784 2274; x_wconf 84' lang='lat' dir='ltr'><strong>deerabus</strong></span> <span class='ocrx_word' id='word_1_136' title='bbox 806 2209 982 2288; x_wconf 82' lang='lat' dir='ltr'><strong>capitalibus</strong></span> <span class='ocrx_word' id='word_1_137' title='bbox 1005 2207 1161 2289; x_wconf 83' lang='lat' dir='ltr'><strong>judicium</strong></span> <span class='ocrx_word' id='word_1_138' title='bbox 1184 2209 1261 2290; x_wconf 86' lang='lat' dir='ltr'><strong>apud</strong></span> 
     </span>
    </p>
   </div>
   <div class='ocr_carea' id='block_1_8' title="bbox 288 2292 1233 2376">
    <p class='ocr_par' dir='ltr' id='par_1_9' title="bbox 288 2271 1340 2405">
     <span class='ocr_line' id='line_1_21' title="bbox 288 2292 1233 2376; baseline -0.002 -16"><span class='ocrx_word' id='word_1_139' title='bbox 288 2300 497 2373; x_wconf 71' lang='lat' dir='ltr'><strong>dussimus,</strong></span> <span class='ocrx_word' id='word_1_140' title='bbox 521 2296 635 2376; x_wconf 83' lang='lat' dir='ltr'><strong>duplex</strong></span> <span class='ocrx_word' id='word_1_141' title='bbox 656 2292 786 2354; x_wconf 87' lang='lat' dir='ltr'><strong>nominis</strong></span> <span class='ocrx_word' id='word_1_142' title='bbox 806 2294 993 2374; x_wconf 81' lang='lat' dir='ltr'><strong>etymologia,</strong></span> <span class='ocrx_word' id='word_1_143' title='bbox 1017 2293 1089 2372; x_wconf 80' lang='lat' dir='ltr'><strong>ttt,</strong></span> <span class='ocrx_word' id='word_1_144' title='bbox 1106 2300 1152 2360; x_wconf 79' lang='lat'><strong>22</strong></span> <span class='ocrx_word' id='word_1_145' title='bbox 1169 2315 1233 2376; x_wconf 80' lang='lat' dir='ltr'><strong>sqq.</strong></span> 
     </span>
    </p>
   </div>
   <div class='ocr_carea' id='block_1_9' title="bbox 155 2381 1260 3145">
    <p class='ocr_par' dir='ltr' id='par_1_10' title="bbox 236 2381 821 2530">
     <span class='ocr_line' id='line_1_22' title="bbox 236 2381 821 2530; baseline -0.007 -87"><span class='ocrx_word' id='word_1_146' title='bbox 236 2381 368 2530; x_wconf 39' lang='lat' dir='ltr'><strong>stipae,</strong></span> <span class='ocrx_word' id='word_1_147' title='bbox 390 2401 482 2464; x_wconf 78' lang='lat' dir='ltr'><strong>genus</strong></span> <span class='ocrx_word' id='word_1_148' title='bbox 503 2384 658 2460; x_wconf 74' lang='lat' dir='ltr'><strong>serpentia,</strong></span> <span class='ocrx_word' id='word_1_149' title='bbox 683 2381 754 2454; x_wconf 75' lang='lat'><strong>141,</strong></span> <span class='ocrx_word' id='word_1_150' title='bbox 766 2382 821 2444; x_wconf 83' lang='grc'><strong>17.</strong></span> 
     </span>
    </p>

    <p class='ocr_par' dir='ltr' id='par_1_11' title="bbox 245 2461 1260 2716">
     <span class='ocr_line' id='line_1_23' title="bbox 245 2461 1259 2536; baseline -0.009 -5"><span class='ocrx_word' id='word_1_151' title='bbox 245 2472 287 2532; x_wconf 77' lang='lat' dir='ltr'><strong>dr</strong></span> <span class='ocrx_word' id='word_1_152' title='bbox 308 2478 387 2530; x_wconf 88' lang='lat' dir='ltr'><strong>attus</strong></span> <span class='ocrx_word' id='word_1_153' title='bbox 407 2469 494 2528; x_wconf 79' lang='lat' dir='ltr'><strong>locus</strong></span> <span class='ocrx_word' id='word_1_154' title='bbox 516 2474 580 2526; x_wconf 84' lang='lat' dir='ltr'><strong>eret</strong></span> <span class='ocrx_word' id='word_1_155' title='bbox 601 2462 737 2536; x_wconf 75' lang='lat' dir='ltr'><strong>Athenis,</strong></span> <span class='ocrx_word' id='word_1_156' title='bbox 757 2463 794 2522; x_wconf 87' lang='lat' dir='ltr'><strong>ab</strong></span> <span class='ocrx_word' id='word_1_157' title='bbox 816 2462 941 2524; x_wconf 76' lang='lat' dir='ltr'><strong>Ardetto</strong></span> <span class='ocrx_word' id='word_1_158' title='bbox 960 2461 1051 2522; x_wconf 88' lang='lat' dir='ltr'><strong>heroe</strong></span> <span class='ocrx_word' id='word_1_159' title='bbox 1074 2462 1259 2524; x_wconf 85' lang='lat' dir='ltr'><strong>denomina-</strong></span> 
     </span>
     <span class='ocr_line' id='line_1_24' title="bbox 287 2547 1260 2636; baseline -0.009 -19"><span class='ocrx_word' id='word_1_160' title='bbox 287 2567 351 2632; x_wconf 90' lang='lat' dir='ltr'><strong>tus,</strong></span> <span class='ocrx_word' id='word_1_161' title='bbox 381 2553 434 2636; x_wconf 90' lang='lat' dir='ltr'><strong>qui</strong></span> <span class='ocrx_word' id='word_1_162' title='bbox 464 2551 584 2612; x_wconf 81' lang='lat' dir='ltr'><strong>civilem</strong></span> <span class='ocrx_word' id='word_1_163' title='bbox 611 2549 684 2608; x_wconf 89' lang='lat' dir='ltr'><strong>olim</strong></span> <span class='ocrx_word' id='word_1_164' title='bbox 707 2547 931 2609; x_wconf 73' lang='lat' dir='ltr'><strong>Atheniensium</strong></span> <span class='ocrx_word' id='word_1_165' title='bbox 960 2547 1147 2610; x_wconf 79' lang='lat' dir='ltr'><strong>discordiam</strong></span> <span class='ocrx_word' id='word_1_166' title='bbox 1177 2551 1260 2609; x_wconf 84' lang='lat' dir='ltr'><strong>seda-</strong></span> 
     </span>
     <span class='ocr_line' id='line_1_25' title="bbox 286 2633 1260 2716; baseline -0.007 -13"><span class='ocrx_word' id='word_1_167' title='bbox 286 2649 382 2702; x_wconf 78' lang='lat' dir='ltr'><strong>verat.</strong></span> <span class='ocrx_word' id='word_1_168' title='bbox 431 2638 576 2699; x_wconf 68' lang='lat' dir='ltr'><strong>hubent</strong></span> <span class='ocrx_word' id='word_1_169' title='bbox 606 2633 649 2694; x_wconf 90' lang='lat' dir='ltr'><strong>ibi</strong></span> <span class='ocrx_word' id='word_1_170' title='bbox 680 2633 876 2696; x_wconf 62' lang='lat' dir='ltr'><strong>Atheniense</strong></span> <span class='ocrx_word' id='word_1_171' title='bbox 912 2653 1016 2694; x_wconf 85' lang='lat' dir='ltr'><strong>omnes</strong></span> <span class='ocrx_word' id='word_1_172' title='bbox 1047 2633 1260 2716; x_wconf 72' lang='lat' dir='ltr'><strong>jusjuranda·</strong></span> 
     </span>
    </p>

    <p class='ocr_par' dir='ltr' id='par_1_12' title="bbox 171 2725 670 2799">
     <span class='ocr_line' id='line_1_26' title="bbox 171 2725 670 2799; baseline -0.008 -10"><span class='ocrx_word' id='word_1_173' title='bbox 171 2737 177 2748; x_wconf 93' lang='lat'><em>&#39;</em></span> <span class='ocrx_word' id='word_1_174' title='bbox 257 2787 263 2795; x_wconf 84' lang='grc'><strong>,</strong></span> <span class='ocrx_word' id='word_1_175' title='bbox 288 2726 501 2799; x_wconf 84' lang='lat' dir='ltr'><strong>Heliestioum,</strong></span> <span class='ocrx_word' id='word_1_176' title='bbox 525 2727 596 2795; x_wconf 73' lang='lat' dir='ltr'><strong>tot,</strong></span> <span class='ocrx_word' id='word_1_177' title='bbox 623 2725 670 2786; x_wconf 67' lang='lat' dir='ltr'><strong>tt„</strong></span> 
     </span>
    </p>

    <p class='ocr_par' dir='ltr' id='par_1_13' title="bbox 244 2803 1236 2892">
     <span class='ocr_line' id='line_1_27' title="bbox 244 2803 1236 2892; baseline -0.003 -19"><span class='ocrx_word' id='word_1_178' title='bbox 244 2811 377 2892; x_wconf 78' lang='lat' dir='ltr'><strong>Argoae,</strong></span> <span class='ocrx_word' id='word_1_179' title='bbox 399 2810 470 2872; x_wconf 87' lang='lat' dir='ltr'><strong>urbs</strong></span> <span class='ocrx_word' id='word_1_180' title='bbox 490 2808 643 2883; x_wconf 84' lang='lat' dir='ltr'><strong>Euboeae,</strong></span> <span class='ocrx_word' id='word_1_181' title='bbox 665 2805 696 2864; x_wconf 91' lang='lat' dir='ltr'><strong>in</strong></span> <span class='ocrx_word' id='word_1_182' title='bbox 716 2823 786 2883; x_wconf 81' lang='lat' dir='ltr'><strong>agro</strong></span> <span class='ocrx_word' id='word_1_183' title='bbox 809 2803 999 2866; x_wconf 81' lang='lat' dir='ltr'><strong>Chalcidensi</strong></span> <span class='ocrx_word' id='word_1_184' title='bbox 1017 2803 1084 2881; x_wconf 74' lang='lat' dir='ltr'><strong>citt,</strong></span> <span class='ocrx_word' id='word_1_185' title='bbox 1109 2809 1186 2881; x_wconf 77' lang='lat'><strong>142,</strong></span> <span class='ocrx_word' id='word_1_186' title='bbox 1208 2811 1236 2872; x_wconf 82' lang='grc'><strong>6.</strong></span> 
     </span>
    </p>

    <p class='ocr_par' dir='ltr' id='par_1_14' title="bbox 245 2888 1260 2972">
     <span class='ocr_line' id='line_1_28' title="bbox 245 2888 1260 2972; baseline -0.011 -13"><span class='ocrx_word' id='word_1_187' title='bbox 245 2898 422 2972; x_wconf 72' lang='lat' dir='ltr'><strong>Aristaeou,</strong></span> <span class='ocrx_word' id='word_1_188' title='bbox 447 2894 566 2955; x_wconf 72' lang='lat' dir='ltr'><strong>domim</strong></span> <span class='ocrx_word' id='word_1_189' title='bbox 587 2893 637 2952; x_wconf 84' lang='lat' dir='ltr'><strong>vel</strong></span> <span class='ocrx_word' id='word_1_190' title='bbox 657 2889 853 2968; x_wconf 82' lang='lat' dir='ltr'><strong>Plataeensis,</strong></span> <span class='ocrx_word' id='word_1_191' title='bbox 880 2911 898 2949; x_wconf 89' lang='lat' dir='ltr'><strong>a</strong></span> <span class='ocrx_word' id='word_1_192' title='bbox 920 2888 1123 2952; x_wconf 83' lang='lat' dir='ltr'><strong>Demosthene</strong></span> <span class='ocrx_word' id='word_1_193' title='bbox 1144 2892 1260 2952; x_wconf 82' lang='lat' dir='ltr'><strong>adama·</strong></span> 
     </span>
    </p>

    <p class='ocr_par' dir='ltr' id='par_1_15' title="bbox 155 2983 1117 3059">
     <span class='ocr_line' id='line_1_29' title="bbox 155 2983 1117 3059; baseline -0.003 -15"><span class='ocrx_word' id='word_1_194' title='bbox 155 2993 161 3005; x_wconf 54' lang='grc'><strong>“</strong></span> <span class='ocrx_word' id='word_1_195' title='bbox 289 2991 348 3059; x_wconf 74' lang='lat' dir='ltr'><strong>iub,</strong></span> <span class='ocrx_word' id='word_1_196' title='bbox 372 2983 444 3058; x_wconf 69' lang='lat'><strong>118,</strong></span> <span class='ocrx_word' id='word_1_197' title='bbox 469 2985 518 3046; x_wconf 77' lang='lat'><strong>10·</strong></span> <span class='ocrx_word' id='word_1_198' title='bbox 860 3044 863 3050; x_wconf 73' lang='grc'><strong>,</strong></span> <span class='ocrx_word' id='word_1_199' title='bbox 1115 3011 1117 3016; x_wconf 92' lang='grc'><strong><em>·</em></strong></span> 
     </span>
    </p>

    <p class='ocr_par' dir='ltr' id='par_1_16' title="bbox 246 3059 775 3145">
     <span class='ocr_line' id='line_1_30' title="bbox 246 3059 775 3145; baseline -0.002 -16"><span class='ocrx_word' id='word_1_200' title='bbox 246 3069 399 3145; x_wconf 80' lang='lat' dir='ltr'><strong>Aristeus,</strong></span> <span class='ocrx_word' id='word_1_201' title='bbox 417 3059 502 3126; x_wconf 84' lang='lat' dir='ltr'><strong>nom.</strong></span> <span class='ocrx_word' id='word_1_202' title='bbox 522 3083 627 3145; x_wconf 85' lang='lat' dir='ltr'><strong>propr.</strong></span> <span class='ocrx_word' id='word_1_203' title='bbox 651 3062 722 3140; x_wconf 76' lang='lat'><strong>148,</strong></span> <span class='ocrx_word' id='word_1_204' title='bbox 744 3061 775 3128; x_wconf 84' lang='lat'><strong>8.</strong></span> 
     </span>
    </p>
   </div>
   <div class='ocr_carea' id='block_1_10' title="bbox 243 3143 1339 3236">
    <p class='ocr_par' dir='ltr' id='par_1_17' title="bbox 243 3143 1339 3236">
     <span class='ocr_line' id='line_1_31' title="bbox 243 3143 1339 3236; baseline -0.011 -21"><span class='ocrx_word' id='word_1_205' title='bbox 243 3148 442 3236; x_wconf 72' lang='grc' dir='ltr'><strong>Ἀρῤηφόροι</strong></span> <span class='ocrx_word' id='word_1_206' title='bbox 462 3150 553 3231; x_wconf 79' lang='lat' dir='ltr'><strong>Apud</strong></span> <span class='ocrx_word' id='word_1_207' title='bbox 574 3147 765 3208; x_wconf 81' lang='lat' dir='ltr'><strong>Athenienses</strong></span> <span class='ocrx_word' id='word_1_208' title='bbox 787 3154 917 3225; x_wconf 88' lang='lat' dir='ltr'><strong>quatuor</strong></span> <span class='ocrx_word' id='word_1_209' title='bbox 937 3143 1080 3224; x_wconf 74' lang='lat' dir='ltr'><strong>virgines,</strong></span> <span class='ocrx_word' id='word_1_210' title='bbox 1101 3145 1201 3206; x_wconf 85' lang='lat' dir='ltr'><strong>nobili</strong></span> <span class='ocrx_word' id='word_1_211' title='bbox 1218 3163 1263 3224; x_wconf 73' lang='lat' dir='ltr'><strong>ge</strong></span> <span class='ocrx_word' id='word_1_212' title='bbox 1338 3187 1339 3220; x_wconf 79' lang='grc'><strong>,</strong></span> 
     </span>
    </p>
   </div>
   <div class='ocr_carea' id='block_1_11' title="bbox 161 3229 1264 3570">
    <p class='ocr_par' dir='ltr' id='par_1_18' title="bbox 161 3229 1264 3570">
     <span class='ocr_line' id='line_1_32' title="bbox 290 3229 1262 3316; baseline -0.011 -17"><span class='ocrx_word' id='word_1_213' title='bbox 290 3246 481 3310; x_wconf 80' lang='lat' dir='ltr'><strong>uenenatas,</strong></span> <span class='ocrx_word' id='word_1_214' title='bbox 508 3233 638 3316; x_wconf 88' lang='lat' dir='ltr'><strong>publicis</strong></span> <span class='ocrx_word' id='word_1_215' title='bbox 658 3231 806 3310; x_wconf 81' lang='lat' dir='ltr'><strong>suffragiis</strong></span> <span class='ocrx_word' id='word_1_216' title='bbox 827 3231 865 3290; x_wconf 87' lang='lat' dir='ltr'><strong>ad</strong></span> <span class='ocrx_word' id='word_1_217' title='bbox 893 3229 975 3291; x_wconf 90' lang='lat' dir='ltr'><strong>hune</strong></span> <span class='ocrx_word' id='word_1_218' title='bbox 999 3230 1149 3292; x_wconf 85' lang='lat' dir='ltr'><strong>honorem</strong></span> <span class='ocrx_word' id='word_1_219' title='bbox 1184 3231 1262 3291; x_wconf 86' lang='lat' dir='ltr'><strong>desi·</strong></span> 
     </span>
     <span class='ocr_line' id='line_1_33' title="bbox 289 3315 1262 3406; baseline -0.01 -22"><span class='ocrx_word' id='word_1_220' title='bbox 289 3325 473 3406; x_wconf 84' lang='lat' dir='ltr'><strong>gnabantur,</strong></span> <span class='ocrx_word' id='word_1_221' title='bbox 502 3323 579 3380; x_wconf 75' lang='lat' dir='ltr'><strong>dues</strong></span> <span class='ocrx_word' id='word_1_222' title='bbox 600 3336 672 3382; x_wconf 83' lang='lat' dir='ltr'><strong>vero</strong></span> <span class='ocrx_word' id='word_1_223' title='bbox 700 3317 902 3397; x_wconf 76' lang='lat' dir='ltr'><strong>eligebantur,</strong></span> <span class='ocrx_word' id='word_1_224' title='bbox 922 3337 1000 3396; x_wconf 87' lang='lat' dir='ltr'><strong>quae</strong></span> <span class='ocrx_word' id='word_1_225' title='bbox 1019 3321 1165 3378; x_wconf 75' lang='lat' dir='ltr'><strong>texturae</strong></span> <span class='ocrx_word' id='word_1_226' title='bbox 1187 3315 1262 3375; x_wconf 71' lang='lat' dir='ltr'><strong>satri</strong></span> 
     </span>
     <span class='ocr_line' id='line_1_34' title="bbox 289 3399 1263 3496; baseline -0.012 -24"><span class='ocrx_word' id='word_1_227' title='bbox 289 3411 373 3496; x_wconf 89' lang='lat' dir='ltr'><strong>pepli</strong></span> <span class='ocrx_word' id='word_1_228' title='bbox 394 3409 543 3470; x_wconf 80' lang='lat' dir='ltr'><strong>Minervae</strong></span> <span class='ocrx_word' id='word_1_229' title='bbox 562 3412 749 3485; x_wconf 85' lang='lat' dir='ltr'><strong>praeessent,</strong></span> <span class='ocrx_word' id='word_1_230' title='bbox 772 3411 802 3462; x_wconf 89' lang='lat' dir='ltr'><strong>at</strong></span> <span class='ocrx_word' id='word_1_231' title='bbox 823 3401 951 3482; x_wconf 82' lang='lat' dir='ltr'><strong>reliquos</strong></span> <span class='ocrx_word' id='word_1_232' title='bbox 971 3421 1021 3462; x_wconf 92' lang='lat' dir='ltr'><strong>res</strong></span> <span class='ocrx_word' id='word_1_233' title='bbox 1043 3399 1083 3461; x_wconf 86' lang='lat' dir='ltr'><strong>ad</strong></span> <span class='ocrx_word' id='word_1_234' title='bbox 1107 3403 1142 3462; x_wconf 90' lang='lat' dir='ltr'><strong>id</strong></span> <span class='ocrx_word' id='word_1_235' title='bbox 1163 3401 1263 3483; x_wconf 82' lang='lat' dir='ltr'><strong>perti-</strong></span> 
     </span>
     <span class='ocr_line' id='line_1_35' title="bbox 161 3479 1264 3570; baseline -0.008 -13"><span class='ocrx_word' id='word_1_236' title='bbox 161 3547 162 3550; x_wconf 63' lang='lat'><strong>,</strong></span> <span class='ocrx_word' id='word_1_237' title='bbox 288 3497 393 3557; x_wconf 86' lang='lat' dir='ltr'><strong>nentes</strong></span> <span class='ocrx_word' id='word_1_238' title='bbox 419 3499 569 3554; x_wconf 78' lang='lat' dir='ltr'><strong>curarant</strong></span> <span class='ocrx_word' id='word_1_239' title='bbox 611 3489 674 3550; x_wconf 87' lang='lat' dir='ltr'><strong>Hae</strong></span> <span class='ocrx_word' id='word_1_240' title='bbox 695 3487 872 3549; x_wconf 69' lang='lat' dir='ltr'><strong>dicebantur</strong></span> <span class='ocrx_word' id='word_1_241' title='bbox 903 3479 1083 3570; x_wconf 64' lang='lat' dir='ltr'><strong>aipisppdpos</strong></span> <span class='ocrx_word' id='word_1_242' title='bbox 1130 3487 1264 3548; x_wconf 82' lang='lat' dir='ltr'><strong>Candide</strong></span> 
     </span>
    </p>
   </div>
   <div class='ocr_carea' id='block_1_12' title="bbox 30 3573 1264 3654">
    <p class='ocr_par' dir='ltr' id='par_1_19' title="bbox 30 3573 1264 3654">
     <span class='ocr_line' id='line_1_36' title="bbox 30 3573 1264 3654; baseline -0.011 -9"><span class='ocrx_word' id='word_1_243' title='bbox 30 3610 39 3618; x_wconf 65' lang='grc'><strong>’</strong></span> <span class='ocrx_word' id='word_1_244' title='bbox 150 3578 157 3582; x_wconf 66' lang='grc'><strong>’</strong></span> <span class='ocrx_word' id='word_1_245' title='bbox 289 3580 638 3646; x_wconf 69' lang='lat' dir='ltr'><strong>vestramiotaeeran13</strong></span> <span class='ocrx_word' id='word_1_246' title='bbox 661 3573 686 3634; x_wconf 93' lang='lat' dir='ltr'><strong>si</strong></span> <span class='ocrx_word' id='word_1_247' title='bbox 712 3591 770 3654; x_wconf 81' lang='lat' dir='ltr'><strong>qm</strong></span> <span class='ocrx_word' id='word_1_248' title='bbox 797 3591 871 3631; x_wconf 82' lang='lat' dir='ltr'><strong>vero</strong></span> <span class='ocrx_word' id='word_1_249' title='bbox 899 3591 987 3633; x_wconf 83' lang='lat' dir='ltr'><strong>aurea</strong></span> <span class='ocrx_word' id='word_1_250' title='bbox 1017 3583 1198 3634; x_wconf 83' lang='lat' dir='ltr'><strong>ornamenta</strong></span> <span class='ocrx_word' id='word_1_251' title='bbox 1218 3592 1264 3652; x_wconf 85' lang='lat' dir='ltr'><strong>ge·</strong></span> 
     </span>
    </p>
   </div>
   <div class='ocr_carea' id='block_1_13' title="bbox 154 3655 1265 4363">
    <p class='ocr_par' dir='ltr' id='par_1_20' title="bbox 154 3655 1265 4363">
     <span class='ocr_line' id='line_1_37' title="bbox 289 3655 1160 3748; baseline -0.006 -20"><span class='ocrx_word' id='word_1_252' title='bbox 289 3676 420 3745; x_wconf 87' lang='lat' dir='ltr'><strong>starent,</strong></span> <span class='ocrx_word' id='word_1_253' title='bbox 441 3685 475 3724; x_wconf 87' lang='lat' dir='ltr'><strong>ea</strong></span> <span class='ocrx_word' id='word_1_254' title='bbox 497 3664 573 3722; x_wconf 81' lang='lat' dir='ltr'><strong>Deae</strong></span> <span class='ocrx_word' id='word_1_255' title='bbox 594 3679 768 3720; x_wconf 85' lang='lat' dir='ltr'><strong>consecrare</strong></span> <span class='ocrx_word' id='word_1_256' title='bbox 789 3658 950 3748; x_wconf 83' lang='lat' dir='ltr'><strong>debebant,</strong></span> <span class='ocrx_word' id='word_1_257' title='bbox 973 3657 1124 3732; x_wconf 63' lang='lat' dir='ltr'><strong>ssent.</strong></span> <span class='ocrx_word' id='word_1_258' title='bbox 1157 3655 1160 3661; x_wconf 66' lang='grc'><strong>’</strong></span> 
     </span>
     <span class='ocr_line' id='line_1_38' title="bbox 247 3757 1264 3848; baseline -0.011 -17"><span class='ocrx_word' id='word_1_259' title='bbox 247 3767 423 3844; x_wconf 70' lang='lat' dir='ltr'><strong>Artemisia,</strong></span> <span class='ocrx_word' id='word_1_260' title='bbox 446 3764 599 3848; x_wconf 87' lang='lat' dir='ltr'><strong>superior,</strong></span> <span class='ocrx_word' id='word_1_261' title='bbox 630 3761 733 3822; x_wconf 83' lang='lat' dir='ltr'><strong>Cariae</strong></span> <span class='ocrx_word' id='word_1_262' title='bbox 753 3761 871 3842; x_wconf 83' lang='lat' dir='ltr'><strong>regine,</strong></span> <span class='ocrx_word' id='word_1_263' title='bbox 901 3770 1037 3842; x_wconf 88' lang='lat' dir='ltr'><strong>tempore</strong></span> <span class='ocrx_word' id='word_1_264' title='bbox 1058 3757 1133 3818; x_wconf 91' lang='lat' dir='ltr'><strong>belli</strong></span> <span class='ocrx_word' id='word_1_265' title='bbox 1155 3760 1264 3822; x_wconf 82' lang='lat' dir='ltr'><strong>Persici</strong></span> 
     </span>
     <span class='ocr_line' id='line_1_39' title="bbox 182 3843 1263 3934; baseline -0.017 -10"><span class='ocrx_word' id='word_1_266' title='bbox 182 3915 194 3924; x_wconf 96' lang='lat'>.</span> <span class='ocrx_word' id='word_1_267' title='bbox 293 3856 387 3930; x_wconf 81' lang='lat' dir='ltr'><strong>vixit;</strong></span> <span class='ocrx_word' id='word_1_268' title='bbox 409 3852 573 3934; x_wconf 88' lang='lat' dir='ltr'><strong>posterior,</strong></span> <span class='ocrx_word' id='word_1_269' title='bbox 594 3849 699 3910; x_wconf 87' lang='lat' dir='ltr'><strong>itidem</strong></span> <span class='ocrx_word' id='word_1_270' title='bbox 720 3847 822 3926; x_wconf 86' lang='lat' dir='ltr'><strong>regina</strong></span> <span class='ocrx_word' id='word_1_271' title='bbox 847 3845 963 3918; x_wconf 86' lang='lat' dir='ltr'><strong>Cariae,</strong></span> <span class='ocrx_word' id='word_1_272' title='bbox 991 3843 1056 3903; x_wconf 86' lang='lat' dir='ltr'><strong>filia</strong></span> <span class='ocrx_word' id='word_1_273' title='bbox 1078 3853 1145 3906; x_wconf 86' lang='lat' dir='ltr'><strong>erat</strong></span> <span class='ocrx_word' id='word_1_274' title='bbox 1166 3847 1263 3910; x_wconf 84' lang='lat' dir='ltr'><strong>Heca-</strong></span> 
     </span>
     <span class='ocr_line' id='line_1_40' title="bbox 154 3928 1089 4016; baseline -0.018 -12"><span class='ocrx_word' id='word_1_275' title='bbox 154 3941 176 3976; x_wconf 85' lang='lat'><strong>&#39;·</strong></span> <span class='ocrx_word' id='word_1_276' title='bbox 290 3940 404 4016; x_wconf 82' lang='lat' dir='ltr'><strong>temni,</strong></span> <span class='ocrx_word' id='word_1_277' title='bbox 425 3945 506 3998; x_wconf 85' lang='lat' dir='ltr'><strong>uxor</strong></span> <span class='ocrx_word' id='word_1_278' title='bbox 525 3946 555 3996; x_wconf 91' lang='lat' dir='ltr'><strong>et</strong></span> <span class='ocrx_word' id='word_1_279' title='bbox 570 3955 655 3996; x_wconf 89' lang='lat' dir='ltr'><strong>soror</strong></span> <span class='ocrx_word' id='word_1_280' title='bbox 674 3930 805 3994; x_wconf 83' lang='lat' dir='ltr'><strong>Mausoli</strong></span> <span class='ocrx_word' id='word_1_281' title='bbox 824 3931 919 4010; x_wconf 85' lang='lat' dir='ltr'><strong>regis,</strong></span> <span class='ocrx_word' id='word_1_282' title='bbox 944 3928 1016 4005; x_wconf 75' lang='grc'><strong>147,</strong></span> <span class='ocrx_word' id='word_1_283' title='bbox 1040 3933 1089 3996; x_wconf 84' lang='lat'><strong>10.</strong></span> 
     </span>
     <span class='ocr_line' id='line_1_41' title="bbox 248 4013 1055 4101; baseline -0.015 -15"><span class='ocrx_word' id='word_1_284' title='bbox 248 4024 457 4101; x_wconf 72' lang='lat' dir='ltr'><strong>Artemisium,</strong></span> <span class='ocrx_word' id='word_1_285' title='bbox 476 4021 609 4084; x_wconf 82' lang='lat' dir='ltr'><strong>Euboeae</strong></span> <span class='ocrx_word' id='word_1_286' title='bbox 629 4015 886 4101; x_wconf 86' lang='lat' dir='ltr'><strong>promontorium,</strong></span> <span class='ocrx_word' id='word_1_287' title='bbox 910 4013 980 4092; x_wconf 79' lang='lat'><strong>147,</strong></span> <span class='ocrx_word' id='word_1_288' title='bbox 1002 4015 1055 4082; x_wconf 76' lang='lat'><strong>22.</strong></span> 
     </span>
     <span class='ocr_line' id='line_1_42' title="bbox 250 4105 802 4188; baseline -0.018 -16"><span class='ocrx_word' id='word_1_289' title='bbox 250 4111 418 4184; x_wconf 82' lang='lat' dir='ltr'><strong>hrthmius,</strong></span> <span class='ocrx_word' id='word_1_290' title='bbox 443 4127 526 4172; x_wconf 84' lang='lat' dir='ltr'><strong>nom.</strong></span> <span class='ocrx_word' id='word_1_291' title='bbox 547 4126 650 4188; x_wconf 86' lang='lat' dir='ltr'><strong>propr.</strong></span> <span class='ocrx_word' id='word_1_292' title='bbox 673 4105 745 4186; x_wconf 67' lang='lat'><strong>148,</strong></span> <span class='ocrx_word' id='word_1_293' title='bbox 772 4107 802 4168; x_wconf 83' lang='lat'><strong>3.</strong></span> 
     </span>
     <span class='ocr_line' id='line_1_43' title="bbox 249 4181 1265 4275; baseline -0.01 -19"><span class='ocrx_word' id='word_1_294' title='bbox 249 4198 349 4270; x_wconf 73' lang='lat' dir='ltr'><strong>Artos,</strong></span> <span class='ocrx_word' id='word_1_295' title='bbox 371 4214 451 4255; x_wconf 89' lang='lat' dir='ltr'><strong>nom.</strong></span> <span class='ocrx_word' id='word_1_296' title='bbox 472 4201 576 4275; x_wconf 85' lang='lat' dir='ltr'><strong>propr.</strong></span> <span class='ocrx_word' id='word_1_297' title='bbox 598 4211 631 4250; x_wconf 89' lang='lat' dir='ltr'><strong>re</strong></span> <span class='ocrx_word' id='word_1_298' title='bbox 651 4189 675 4248; x_wconf 84' lang='lat' dir='ltr'><strong>&#39;s</strong></span> <span class='ocrx_word' id='word_1_299' title='bbox 691 4186 934 4268; x_wconf 70' lang='lat' dir='ltr'><strong>(Messapiorum)</strong></span> <span class='ocrx_word' id='word_1_300' title='bbox 954 4182 1030 4257; x_wconf 79' lang='lat' dir='ltr'><strong>(vid.</strong></span> <span class='ocrx_word' id='word_1_301' title='bbox 1046 4181 1190 4265; x_wconf 76' lang='lat' dir='ltr'><strong>Thucyd.</strong></span> <span class='ocrx_word' id='word_1_302' title='bbox 1201 4183 1265 4266; x_wconf 80' lang='lat' dir='ltr'><strong>vn,</strong></span> 
     </span>
     <span class='ocr_line' id='line_1_44' title="bbox 293 4209 851 4363; baseline -0.007 -25"><span class='ocrx_word' id='word_1_303' title='bbox 293 4273 344 4346; x_wconf 70' lang='lat'><strong>28&#39;.</strong></span> <span class='ocrx_word' id='word_1_304' title='bbox 366 4288 397 4337; x_wconf 90' lang='lat' dir='ltr'><strong>et</strong></span> <span class='ocrx_word' id='word_1_305' title='bbox 416 4277 525 4338; x_wconf 78' lang='lat' dir='ltr'><strong>Athen.</strong></span> <span class='ocrx_word' id='word_1_306' title='bbox 546 4275 597 4352; x_wconf 82' lang='lat'><strong>111,</strong></span> <span class='ocrx_word' id='word_1_307' title='bbox 613 4209 693 4363; x_wconf 43' lang='grc' dir='ltr'><strong>ᾗ),</strong></span> <span class='ocrx_word' id='word_1_308' title='bbox 711 4275 781 4348; x_wconf 77' lang='lat'><strong>147,</strong></span> <span class='ocrx_word' id='word_1_309' title='bbox 799 4275 851 4337; x_wconf 78' lang='lat'><strong>18.-</strong></span> 
     </span>
    </p>
   </div>
   <div class='ocr_carea' id='block_1_14' title="bbox 0 0 1357 4944">
    <p class='ocr_par' dir='ltr' id='par_1_21' title="bbox 0 0 1357 4944">
     <span class='ocr_line' id='line_1_45' title="bbox 0 0 1357 4944; baseline 0 0"><span class='ocrx_word' id='word_1_310' title='bbox 0 0 1357 4944; x_wconf 95' lang='lat' dir='ltr'><strong> </strong></span> 
     </span>
    </p>
   </div>
   <div class='ocr_carea' id='block_1_15' title="bbox 1113 4435 1338 4874">
    <p class='ocr_par' dir='ltr' id='par_1_22' title="bbox 1113 4435 1338 4874">
     <span class='ocr_line' id='line_1_46' title="bbox 1113 4435 1338 4874; baseline 0 0"><span class='ocrx_word' id='word_1_311' title='bbox 1113 4435 1338 4874; x_wconf 71' lang='lat' dir='ltr'><strong>d</strong></span> 
     </span>
    </p>
   </div>
  </div>
 </body>
</html>
